% dissertation.bib	K. J. Turner (kjt at cs.stir.ac.uk)	17/11/10

% This is a sample list of BibTeX references

@Book{Greene-Williams-1997,
  title="Linear Accelerators for Radiation Therapy",
  author="D. Greene and P. C. Williams",
  year="1997",
  publisher="IOP Publishing Ltd.",
  address="Bristol and Philadelphia",
}

@Book{ISO-8807,
  author="ISO/IEC",
  title="Information Processing Systems -- {Open} Systems Interconnection --
    L{\footnotesize\it OTOS} -- {A} Formal Description Technique based on the
    Temporal Ordering of Observational Behaviour",
  publisher="International Organization for Standardization",
  address="Geneva, Switzerland",
  series="ISO/IEC 8807",
  year="1989",
}

@TechReport{Jacobson-Andersen-1997,
  author="Jan Jacobson and Ole Andersen",
  title="Software Controlled Medical Devices",
  institution="European Network of Clubs for Reliability and Safety of
    Software",
  number="SP-Rapport 1997:11",
  year="1997",
  month=apr,
  note="ISBN 91-7848-669-6",
}

@InProceedings{Ji-Turner-1999c,
  author="{Ji He} and Kenneth J. Turner",
  title="Specification and Verification of Synchronous Hardware using {\sc
    Lotos}",
  booktitle="Proc.\ Formal Methods for Protocol Engineering and Distributed
    Systems (FORTE XII/PSTV XIX)",
  editor="Jianping Wu and Samuel T. Chanson and Quiang Gao",
  pages="295--312",
  publisher="Kluwer Academic Publishers",
  address="London, UK",
  month=oct,
  year="1999",
  ISBN="0-7923-8646-9",
}

@Misc{Turner-2000a,
  author="Kenneth J. Turner",
  title="World-wide {Environment} for {Learning} \textsc{Lotos}",
  howpublished="\url{http://www.cs.stir.ac.uk/well/}",
  month=jun,
  year="2000",
  cvcp="19",
  hefc="12",
}

@Article{Turner-2007a,
  author="Kenneth J. Turner",
  title="Representing and Analysing Composed Web Services using
    \textsc{Cress}",
  journal="Network and Computer Applications",
  publisher="Elsevier Science Publishers",
  address="Amsterdam, Netherlands",
  volume="30",
  number="2",
  pages="541--562",
  month=apr,
  year="2007",
}
