@inproceedings{li2018fppb,
  title={FPPB: A Fast and Privacy-Preserving Method Based on the Permissioned Blockchain for Fair Transactions in Sharing Economy},
  author={Li, Bin and Wang, Yijie and Shi, Peichang and Chen, Huan and Cheng, Li},
  booktitle={2018 17th IEEE International Conference On Trust, Security And Privacy In Computing And Communications/12th IEEE International Conference On Big Data Science And Engineering (TrustCom/BigDataSE)},
  pages={1368--1373},
  year={2018},
  organization={IEEE}
}

@misc{techopedia,
	author = "{Techopedia Staff}",
	title = "{Computer Vision. Techopedia.}",
	note = "[Online]. Available: \url{https://www.techopedia.com/definition/32309/computer-vision}. [Accessed 26 September 2018]",	
}

@misc{whatIsBlockchain,
	author = "{Nolan Bauerle}",
	title = "{What is Blockchain Technology?}",
	note = "[Online]. Available: \url{https://www.coindesk.com/information/what-is-blockchain-technology/}.",	
}

@misc{dockerContainer,
	author = "{Docker staff}",
	title = "{What is a Container}",
	note = "[Online]. Available: \url{https://www.docker.com/resources/what-container}.",	
}

@misc{altoros,
	author = "{Altoros staff}",
	title = "{A Blockchain-Based Platform for Automating Bond Issuing Worth 10M}",
	note = "[Online]. Available: \url{https://www.altoros.com/portfolio/blockchain-based-platform-automating-bond-issuing-worth-10m}.",	
}

@misc{altorosDemo,
	author = "{Altoros staff}",
	title = "{Decentralized P2P Securities Demo Using Hyperledger Fabric}",
	note = "[Online]. Available: \url{https://www.youtube.com/watch?v=-CoS751N8Qc}.",	
}

@misc{altorosDemo,
	author = "{Altoros staff}",
	title = "{Technical demo of NSD application with Hyperledger }",
	note = "[Online]. Available: \url{https://www.youtube.com/watch?v=NfNOT6WmRR4}.",	
}

@misc{whatIsCryptocurrency,
	author = "{Blockgeeks staff}",
	title = "{What is Cryptocurrency: Everything You Must Need To Know!}",
	note = "[Online]. Available: \url{https://blockgeeks.com/guides/what-is-cryptocurrency/}.",	
}

@misc{whatIsBlockgeeks,
	author = "{Blockgeeks staff}",
	title = "{What is Blockchain Technology? A Step-by-Step Guide For Beginners}",
	note = "[Online]. Available: \url{https://blockgeeks.com/guides/what-is-blockchain-technology/}.",	
}

@article{allen2016path,
  title={The Path to Self-Sovereign Identity},
  author={Allen, Christopher},
  journal={LIFE WITH ALACRITY BLOG (Apr. 25, 2016), http://www. lifewithalacrity. com/2016/04/the-path-to-self-soverereignidentity. html},
  volume={18},
  year={2016}
}

@inproceedings{alboaie2017private,
  title={Private Data System Enabling Self-Sovereign Storage Managed by Executable Choreographies},
  author={Alboaie, Sinic{\u{a}} and Cosovan, Doina},
  booktitle={IFIP International Conference on Distributed Applications and Interoperable Systems},
  pages={83--98},
  year={2017},
  organization={Springer}
}

@misc{verifyMe,
	author = "{Verify.Me staff}",
	title = "{Website of the company}",
	note = "[Online]. Available: \url{https://verified.me/}.",	
}

@misc{verifyMeDemo,
	author = "{SecureKey CIO Andre Boysen}",
	title = "{How blockchain is changing digital identity}",
	note = "[Online]. Available: \url{https://www.youtube.com/watch?v=EQ5PGPIjrtI}.",	
}

@misc{tradeLensFounders,
	author = "{IBM staff}",
	title = "{Maersk and IBM Introduce TradeLens Blockchain Shipping Solution}",
	note = "[Online]. Available: \url{https://newsroom.ibm.com/2018-08-09-Maersk-and-IBM-Introduce-TradeLens-Blockchain-Shipping-Solution}.",	
}

@misc{globalTrade,
	author = "{Michael del Castillo, Forbes Staff}",
	title = "{IBM-Maersk Blockchain Platform Adds 92 Clients As Part Of Global Launch}",
	note = "[Online]. Available: \url{https://www.forbes.com/sites/michaeldelcastillo/2018/08/09/ibm-maersk-blockchain-platform-adds-92-clients-as-part-of-global-launch-1/#43861f3868a4}.",	
}

@misc{ledgers,
	author = "{COTI Staff}",
	title = "{Ledgers over the years - from ancient Egypt to blockchain, DAG and beyond}",
	note = "[Online]. Available: \url{https://medium.com/@COTInetwork/ledgers-over-the-years-from-ancient-egypt-to-blockchain-dag-and-beyond-47924175cb97}.",	
}

@misc{dltref,
	author = "{Christina Majaski}",
	title = "{Distributed Ledgers Definition}",
	note = "[Online]. Available: \url{https://www.investopedia.com/terms/d/distributed-ledgers.asp}.",	
}

@article{mills2016distributed,
  title={Distributed ledger technology in payments, clearing, and settlement},
  author={Mills, David C and Wang, Kathy and Malone, Brendan and Ravi, Anjana and Marquardt, Jeffrey and Badev, Anton I and Brezinski, Timothy and Fahy, Linda and Liao, Kimberley and Kargenian, Vanessa and others},
  year={2016}
}

@misc{fabledger,
	author = "{Hyperledger Fabric staff}",
	title = "{Ledger}",
	note = "[Online]. Available: \url{https://hyperledger-fabric.readthedocs.io/en/latest/ledger/ledger.html}.",	
}

@inproceedings{cachin2016architecture,
  title={Architecture of the hyperledger blockchain fabric},
  author={Cachin, Christian},
  booktitle={Workshop on distributed cryptocurrencies and consensus ledgers},
  volume={310},
  year={2016}
}

@misc{cryptolecture,
	author = "{Dr Deepayan Bhowmik}",
	title = "{CSCU9YS: Cryptography-I}",
	note = "Lecture from University of Stirling 2018",	
}

@misc{symasym,
	author = "{SSL2Buy staff}",
	title = "{Symmetric vs. Asymmetric Encryption – What are differences?}",
	note = "[Online]. Available: \url{https://www.ssl2buy.com/wiki/symmetric-vs-asymmetric-encryption-what-are-differences}.",	
}

@article{bccsp,
  title={Blockchain Crypto Service Provider},
  author={Elli Androulaki, Angelo De Caro, Volodymyr (V.) Paprotski, Alessandro Sorniotti, Tamas Visegrady}
}

@misc{stackoverflow,
	author = "{Stack Overflow staff}",
	title = "{Developer survey results 2018}",
	note = "[Online]. Available: \url{https://insights.stackoverflow.com/survey/2018/}.",	
}

@misc{transactionflow,
	author = "{Hyperledger Fabric staff}",
	title = "{Fabric Architecture}",
	note = "[Online]. Available: \url{https://hyperledger-fabric.readthedocs.io/en/release-1.4/arch-deep-dive.html}.",	
}

@article{mencias2018optimized,
  title={An optimized blockchain solution for the IBM z14},
  author={Mencias, A Nu{\~n}ez and Dillenberger, D and Novotny, P and Toth, F and Morris, TE and Paprotski, V and Dayka, J and Visegrady, T and O'Farrell, B and Lang, J and others},
  journal={IBM Journal of Research and Development},
  volume={62},
  number={2/3},
  pages={4--1},
  year={2018},
  publisher={IBM}
}

@misc{letter,
	author = "{Simon Stone}",
	title = "{Composer TSC update}",
	note = "[Online]. Available: \url{https://lists.hyperledger.org/g/composer/message/125?fbclid=IwAR1kS_QyYLjrKovql_PU6UGHf_fjsmZKyHvk4GjUHFHx-laO9AF1T72TsoA}.",	
}

@misc{evmInFabric,
	author = "{Raheel Zubairy}",
	title = "{Develop a blockchain application with an Ethereum smart contract deployed on a Hyperledger Fabric network}",
	note = "[Online]. Available: \url{https://developer.ibm.com/announcements/loyalty-points-fabric-evm/}.",	
}

@misc{joinforces,
	author = "{Colby Murphy}",
	title = "{Joining forces for the advancement of blockchain technologies}",
	note = "[Online]. Available: \url{https://www.ibm.com/blogs/blockchain/2018/10/joining-forces-for-the-advancement-of-blockchain-technologies/}.",	
}

@misc{fabricca,
	author = "{Hyperledger Fabric staff}",
	title = "{Fabric CA User’s Guide}",
	note = "[Online]. Available: \url{https://hyperledger-fabric-ca.readthedocs.io/en/release-1.4/users-guide.html}.",	
}

@misc{breaches,
	author = "{Techworld Staff}",
	title = "{The most infamous data breaches
}",
	note = "[Online]. Available: \url{
https://www.techworld.com/security/uks-most-infamous-data-breaches-3604586/}.",	
}

@misc{gattaka,
	author = "{Ivan Vankov}",
	title = "{Genesis block configuration}",
	note = "[Online]. Available: \url{https://www.youtube.com/watch?v=nF9fkBuBNpE&t=4s}.",	
}