@inproceedings{li2018fppb,
  title={FPPB: A Fast and Privacy-Preserving Method Based on the Permissioned Blockchain for Fair Transactions in Sharing Economy},
  author={Li, Bin and Wang, Yijie and Shi, Peichang and Chen, Huan and Cheng, Li},
  booktitle={2018 17th IEEE International Conference On Trust, Security And Privacy In Computing And Communications/12th IEEE International Conference On Big Data Science And Engineering (TrustCom/BigDataSE)},
  pages={1368--1373},
  year={2018},
  organization={IEEE}
}

@misc{techopedia,
	author = "{Techopedia Staff}",
	title = "{Computer Vision. Techopedia.}",
	note = "[Online]. Available: \url{https://www.techopedia.com/definition/32309/computer-vision}. [Accessed 26 September 2018]",	
}

@misc{whatIsBlockchain,
	author = "{Nolan Bauerle}",
	title = "{What is Blockchain Technology?}",
	note = "[Online]. Available: \url{https://www.coindesk.com/information/what-is-blockchain-technology/}.",	
}

@misc{dockerContainer,
	author = "{Docker staff}",
	title = "{What is a Container}",
	note = "[Online]. Available: \url{https://www.docker.com/resources/what-container}.",	
}

@misc{altoros,
	author = "{Altoros staff}",
	title = "{A Blockchain-Based Platform for Automating Bond Issuing Worth 10M}",
	note = "[Online]. Available: \url{https://www.altoros.com/portfolio/blockchain-based-platform-automating-bond-issuing-worth-10m}.",	
}



@misc{altorosDemo,
	author = "{Altoros staff}",
	title = "{Technical demo of NSD application with Hyperledger }",
	note = "[Online]. Available: \url{https://www.youtube.com/watch?v=NfNOT6WmRR4}.",	
}

@misc{whatIsCryptocurrency,
	author = "{Blockgeeks staff}",
	title = "{What is Cryptocurrency: Everything You Must Need To Know!}",
	note = "[Online]. Available: \url{https://blockgeeks.com/guides/what-is-cryptocurrency/}.",	
}

@misc{whatIsBlockgeeks,
	author = "{Blockgeeks staff}",
	title = "{What is Blockchain Technology? A Step-by-Step Guide For Beginners}",
	note = "[Online]. Available: \url{https://blockgeeks.com/guides/what-is-blockchain-technology/}.",	
}

@article{allen2016path,
  title={The Path to Self-Sovereign Identity},
  author={Allen, Christopher},
  journal={LIFE WITH ALACRITY BLOG (Apr. 25, 2016), http://www. lifewithalacrity. com/2016/04/the-path-to-self-soverereignidentity. html},
  volume={18},
  year={2016}
}

@inproceedings{alboaie2017private,
  title={Private Data System Enabling Self-Sovereign Storage Managed by Executable Choreographies},
  author={Alboaie, Sinic{\u{a}} and Cosovan, Doina},
  booktitle={IFIP International Conference on Distributed Applications and Interoperable Systems},
  pages={83--98},
  year={2017},
  organization={Springer}
}

@misc{verifyMe,
	author = "{Verify.Me staff}",
	title = "{Website of the company}",
	note = "[Online]. Available: \url{https://verified.me/}.",	
}

@misc{verifyMeDemo,
	author = "{SecureKey CIO Andre Boysen}",
	title = "{How blockchain is changing digital identity}",
	note = "[Online]. Available: \url{https://www.youtube.com/watch?v=EQ5PGPIjrtI}.",	
}

@misc{tradeLensFounders,
	author = "{IBM staff}",
	title = "{Maersk and IBM Introduce TradeLens Blockchain Shipping Solution}",
	note = "[Online]. Available: \url{https://newsroom.ibm.com/2018-08-09-Maersk-and-IBM-Introduce-TradeLens-Blockchain-Shipping-Solution}.",	
}

@misc{globalTrade,
	author = "{Michael del Castillo, Forbes Staff}",
	title = "{IBM-Maersk Blockchain Platform Adds 92 Clients As Part Of Global Launch}",
	note = "[Online]. Available: \url{https://www.forbes.com/sites/michaeldelcastillo/2018/08/09/ibm-maersk-blockchain-platform-adds-92-clients-as-part-of-global-launch-1/#43861f3868a4}.",	
}


